@article{Haukur2017,
 ISSN      = {03059219, 25153501},
 URL       = {https://www.jstor.org/stable/48611705},
 author    = {Haukur Þorgeirsson},
 journal   = {Saga-Book},
 pages     = {49--70},
 publisher = {Viking Society for Northern Research},
 title     = {A Stemmatic Analysis of the Prose Edda},
 volume    = {41},
 year      = {2017}
}

@article{StefanKarlsson1979,
 URL       = {https://gripla.arnastofnun.is/index.php/gripla/article/view/482},
 author    = {Stefan Karlsson},
 journal   = {Gripla},
 pages     = {227--228},
 publisher = {Stofnun Árna Magnússonar},
 address   = {Reykjavík},
 title     = {Íviðjur},
 volume    = {3},
 year      = {1979}
}

@Book{CleasbyVigfusson,
 author    = {Richard {Cleasby} and Guðbrandur {Vigfússon}},
 title     = {An Icelandic-English Dictionary},
 publisher = {Clarendon Press},
 address   = {Oxford},
 year      = {1874}
}
